@misc{samuelson,
  title={Principles of economics},
  author={Samuelson, Paul and Nordhaus, William},
  year={1985},
  publisher={New York: McGraw-Hill}
}

@book{brooks,
 author = {Brooks, C.},
 title = {Introductory Econometrics for Finance},
 year = {2008},
 publisher = {Cambridge University Press},
 address = {Cambridge},
}

@article{lombardi,
  title={Forecasting economic growth in the euro area during the great moderation and the great recession},
  author={Lombardi, Marco J and Maier, Philipp},
  year={2011},
  publisher={ECB Working Paper}
}

@inbook{zivot,
    chapter="Vector Autoregressive Models for Multivariate Time Series",
    title="Modeling Financial Time Series with S-PLUS",
    year="2006",
    publisher="Springer New York",
    address="New York, NY",
    pages="385--429",
    isbn="978-0-387-32348-0",
    doi="10.1007/978-0-387-32348-0_11",
    url="http://dx.doi.org/10.1007/978-0-387-32348-0_11"
}

@book{juselius,
  title={The cointegrated VAR model: methodology and applications},
  author={Juselius, Katarina},
  year={2006},
  publisher={OUP Oxford}
}

@article{dickey,
  title={Distribution of the estimators for autoregressive time series with a unit root},
  author={Dickey, David A and Fuller, Wayne A},
  journal={Journal of the American statistical association},
  volume={74},
  number={366a},
  pages={427--431},
  year={1979},
  publisher={Taylor \& Francis}
}

@article{briiggemann,
  title={Lag selection in subset VAR models with an application to a US monetary system},
  author={Brüggemann, Ralf and Lütkepohl, Helmut},
  journal={Econometric Studies: A Festschrift in Honour of Joachim Frohn, LIT-Verlag, Miinster},
  pages={107--28},
  year={2001}
}


@article{giordano,
  title={The effects of fiscal policy in Italy: Evidence from a VAR model},
  author={Giordano, Raffaela and Momigliano, Sandro and Neri, Stefano and Perotti, Roberto},
  journal={European Journal of Political Economy},
  volume={23},
  number={3},
  pages={707--733},
  year={2007},
  publisher={Elsevier}
}

@article{dungey,
  title={A structural VAR model of the Australian economy},
  author={Dungey, Mardi and Pagan, Adrian},
  journal={Economic Record},
  volume={76},
  number={235},
  pages={321--342},
  year={2000},
  publisher={Wiley Online Library}
}

@article{hatemi,
  comment="Multivariate tests for autocorrelation",
  title={Multivariate tests for autocorrelation in the stable and unstable VAR models},
  author={Hatemi-J, Abdulnasser},
  journal={Economic Modelling},
  volume={21},
  number={4},
  pages={661--683},
  year={2004},
  publisher={Elsevier}
}

@unused{
    _="https://www.boundless.com/economics/textbooks/boundless-economics-textbook/measuring-output-and-income-19/comparing-real-and-nominal-gdp-94/calculating-real-gdp-357-12454",
    _="http://www.investopedia.com/ask/answers/012815/how-are-treasury-bill-interest-rates-determined.asp",
    _="http://www.investopedia.com/terms/p/pmi.asp",
    _="http://www.mathworks.com/help/econ/autoregressive-model.html"
}